<mx:record xmlns:v="http://viaf.org/viaf/terms#" xmlns:srw="http://www.loc.gov/zing/srw/" xmlns:mx="http://www.loc.gov/MARC21/slim"><mx:leader>00000cz##a22.....n..4500</mx:leader><mx:controlfield tag="001">viaf102333355</mx:controlfield><mx:controlfield tag="003">OCoLC</mx:controlfield><mx:controlfield tag="008">110418n||azznnabbn##########|a#aaa####|#</mx:controlfield><mx:datafield ind2=" " ind1="7" tag="024"><mx:subfield code="a">http://viaf.org/viaf/102333355</mx:subfield><mx:subfield code="2">uri</mx:subfield></mx:datafield><mx:datafield ind2=" " ind1=" " tag="040"><mx:subfield code="a">VIAF</mx:subfield><mx:subfield code="c">VIAF</mx:subfield></mx:datafield><mx:datafield tag="700" ind2=" " ind1="0"><mx:subfield code="a">Anaximenes</mx:subfield><mx:subfield code="c">Lampsacenus</mx:subfield><mx:subfield code="d">v380-v320</mx:subfield><mx:subfield code="0">(DNB)119160234</mx:subfield></mx:datafield><mx:datafield tag="700" ind2=" " ind1="0"><mx:subfield code="a">Anaximenes,</mx:subfield><mx:subfield code="c">of Lampsacus</mx:subfield><mx:subfield code="0">(NLA)000035748805</mx:subfield></mx:datafield><mx:datafield tag="700" ind2=" " ind1="0"><mx:subfield code="a">Anaximenes</mx:subfield><mx:subfield code="d">(ca. 380-320 a.C.).</mx:subfield><mx:subfield code="0">(NUKAT)n 2007094024</mx:subfield></mx:datafield><mx:datafield tag="100" ind2=" " ind1="0"><mx:subfield code="a">Anaximenes,</mx:subfield><mx:subfield code="c">of Lampsacus</mx:subfield><mx:subfield code="0">(LC)n  84134246</mx:subfield></mx:datafield><mx:datafield tag="700" ind2="0" ind1="0"><mx:subfield code="a">Anaxímenes de Lámpsaco</mx:subfield><mx:subfield code="0">(BNE)XX1610606</mx:subfield></mx:datafield><mx:datafield tag="700" ind2=" " ind1="0"><mx:subfield code="a">Anaximenes Lampsacenus,</mx:subfield><mx:subfield code="d">380-320 a.C.</mx:subfield><mx:subfield code="0">(BAV)ADV12136328</mx:subfield></mx:datafield><mx:datafield tag="700" ind2=" " ind1="0"><mx:subfield code="a">Anaximenes Lampsacenus,</mx:subfield><mx:subfield code="d">380-320 a.C</mx:subfield><mx:subfield code="0">(BAV)ADV11507063</mx:subfield></mx:datafield><mx:datafield ind2=" " ind1=" " tag="375"><mx:subfield code="a">unknown</mx:subfield><mx:subfield code="2">0</mx:subfield></mx:datafield><mx:datafield tag="400" ind2=" " ind1="0"><mx:subfield code="a">Anaksimenes.</mx:subfield><mx:subfield code="2">NUKAT</mx:subfield></mx:datafield><mx:datafield tag="400" ind2=" " ind1="0"><mx:subfield code="a">Anaksymenes z Lampsaku.</mx:subfield><mx:subfield code="2">NUKAT</mx:subfield></mx:datafield><mx:datafield tag="400" ind2=" " ind1="0"><mx:subfield code="a">Anaksymenes.</mx:subfield><mx:subfield code="2">NUKAT</mx:subfield></mx:datafield><mx:datafield tag="400" ind2=" " ind1="0"><mx:subfield code="a">Anassimene,</mx:subfield><mx:subfield code="c">di Lampsaco,</mx:subfield><mx:subfield code="d">380-320 a.C.</mx:subfield><mx:subfield code="2">BAV</mx:subfield></mx:datafield><mx:datafield tag="400" ind2=" " ind1="0"><mx:subfield code="a">Anassimene,</mx:subfield><mx:subfield code="c">of Lampsacus</mx:subfield><mx:subfield code="2">LC</mx:subfield></mx:datafield><mx:datafield tag="400" ind2=" " ind1="0"><mx:subfield code="a">Anassimene</mx:subfield><mx:subfield code="c">Retore</mx:subfield><mx:subfield code="d">v380-v320</mx:subfield><mx:subfield code="2">DNB</mx:subfield></mx:datafield><mx:datafield tag="400" ind2=" " ind1="0"><mx:subfield code="a">Anassimene</mx:subfield><mx:subfield code="c">Storico</mx:subfield><mx:subfield code="d">v380-v320</mx:subfield><mx:subfield code="2">DNB</mx:subfield></mx:datafield><mx:datafield tag="400" ind2=" " ind1="0"><mx:subfield code="a">Anassimene</mx:subfield><mx:subfield code="c">di Lampsaco</mx:subfield><mx:subfield code="d">v380-v320</mx:subfield><mx:subfield code="2">DNB</mx:subfield></mx:datafield><mx:datafield tag="400" ind2=" " ind1="0"><mx:subfield code="a">Anaximenes Lampsacenus.</mx:subfield><mx:subfield code="2">NUKAT</mx:subfield></mx:datafield><mx:datafield tag="400" ind2="0" ind1="0"><mx:subfield code="a">Anaximenes of Lampsacus</mx:subfield><mx:subfield code="2">BNE</mx:subfield></mx:datafield><mx:datafield tag="400" ind2=" " ind1="0"><mx:subfield code="a">Anaximenes of Lampsacus.</mx:subfield><mx:subfield code="2">NUKAT</mx:subfield></mx:datafield><mx:datafield tag="400" ind2=" " ind1="0"><mx:subfield code="a">Anaximenes,</mx:subfield><mx:subfield code="c">di Lampsaco,</mx:subfield><mx:subfield code="d">380-320 a.C.</mx:subfield><mx:subfield code="2">BAV</mx:subfield></mx:datafield><mx:datafield tag="400" ind2=" " ind1="0"><mx:subfield code="a">Anaximenes</mx:subfield><mx:subfield code="c">Historicus</mx:subfield><mx:subfield code="d">v380-v320</mx:subfield><mx:subfield code="2">DNB</mx:subfield></mx:datafield><mx:datafield tag="400" ind2=" " ind1="0"><mx:subfield code="a">Anaximenes</mx:subfield><mx:subfield code="c">Lehrer Alexanders des Großen</mx:subfield><mx:subfield code="d">v380-v320</mx:subfield><mx:subfield code="2">DNB</mx:subfield></mx:datafield><mx:datafield tag="400" ind2=" " ind1="0"><mx:subfield code="a">Anaximenes</mx:subfield><mx:subfield code="c">Rhetor</mx:subfield><mx:subfield code="d">v380-v320</mx:subfield><mx:subfield code="2">DNB</mx:subfield></mx:datafield><mx:datafield tag="400" ind2=" " ind1="0"><mx:subfield code="a">Anaximenes</mx:subfield><mx:subfield code="c">ho Lampsakenos</mx:subfield><mx:subfield code="d">v380-v320</mx:subfield><mx:subfield code="2">DNB</mx:subfield></mx:datafield><mx:datafield tag="400" ind2=" " ind1="0"><mx:subfield code="a">Anaximenes</mx:subfield><mx:subfield code="c">ho Rhētor</mx:subfield><mx:subfield code="d">v380-v320</mx:subfield><mx:subfield code="2">DNB</mx:subfield></mx:datafield><mx:datafield tag="400" ind2=" " ind1="0"><mx:subfield code="a">Anaximenes</mx:subfield><mx:subfield code="c">of Lampsacus</mx:subfield><mx:subfield code="d">v380-v320</mx:subfield><mx:subfield code="2">DNB</mx:subfield></mx:datafield><mx:datafield tag="400" ind2=" " ind1="0"><mx:subfield code="a">Anaximenes</mx:subfield><mx:subfield code="d">v380-v320</mx:subfield><mx:subfield code="2">DNB</mx:subfield></mx:datafield><mx:datafield tag="400" ind2=" " ind1="0"><mx:subfield code="a">Anaxímenes</mx:subfield><mx:subfield code="c">de Lámpsaco</mx:subfield><mx:subfield code="d">v380-v320</mx:subfield><mx:subfield code="2">DNB</mx:subfield></mx:datafield><mx:datafield tag="400" ind2=" " ind1="0"><mx:subfield code="i">rakoeb</mx:subfield><mx:subfield code="a">Anaximenes</mx:subfield><mx:subfield code="c">von Lampsakos</mx:subfield><mx:subfield code="d">v380-v320</mx:subfield><mx:subfield code="2">DNB</mx:subfield></mx:datafield><mx:datafield tag="950" ind2=" " ind1=" "><mx:subfield code="a">Fuhrmann, Manfred 1925-2005</mx:subfield><mx:subfield code="9">8</mx:subfield><mx:subfield code="2">NLA</mx:subfield><mx:subfield code="2">LC</mx:subfield><mx:subfield code="2">BNE</mx:subfield><mx:subfield code="2">DNB</mx:subfield></mx:datafield><mx:datafield tag="950" ind2=" " ind1=" "><mx:subfield code="a">Reale, Giovanni.</mx:subfield><mx:subfield code="9">4</mx:subfield><mx:subfield code="2">NLA</mx:subfield><mx:subfield code="2">LC</mx:subfield></mx:datafield><mx:datafield tag="950" ind2=" " ind1=" "><mx:subfield code="a">Aristotle.</mx:subfield><mx:subfield code="9">4</mx:subfield><mx:subfield code="2">NLA</mx:subfield><mx:subfield code="2">LC</mx:subfield></mx:datafield><mx:datafield tag="950" ind2=" " ind1=" "><mx:subfield code="a">Bos, A. P.</mx:subfield><mx:subfield code="9">2</mx:subfield><mx:subfield code="2">NLA</mx:subfield><mx:subfield code="2">LC</mx:subfield></mx:datafield><mx:datafield tag="950" ind2=" " ind1=" "><mx:subfield code="a">Spengel, Leonhard 1803-1880</mx:subfield><mx:subfield code="9">1</mx:subfield><mx:subfield code="2">DNB</mx:subfield></mx:datafield><mx:datafield tag="950" ind2=" " ind1=" "><mx:subfield code="a">Sánchez Sanz, José.</mx:subfield><mx:subfield code="9">1</mx:subfield><mx:subfield code="2">NLA</mx:subfield></mx:datafield><mx:datafield tag="950" ind2=" " ind1=" "><mx:subfield code="a">H. C.</mx:subfield><mx:subfield code="9">1</mx:subfield><mx:subfield code="2">NLA</mx:subfield></mx:datafield><mx:datafield tag="950" ind2=" " ind1=" "><mx:subfield code="a">Chiron, Pierre.</mx:subfield><mx:subfield code="9">1</mx:subfield><mx:subfield code="2">NLA</mx:subfield></mx:datafield><mx:datafield tag="901" ind2=" " ind1=" "><mx:subfield code="a">9783598719837</mx:subfield><mx:subfield code="9">4</mx:subfield><mx:subfield code="2">NLA</mx:subfield><mx:subfield code="2">LC</mx:subfield><mx:subfield code="2">BNE</mx:subfield><mx:subfield code="2">DNB</mx:subfield></mx:datafield><mx:datafield tag="901" ind2=" " ind1=" "><mx:subfield code="a">9788834308219</mx:subfield><mx:subfield code="9">2</mx:subfield><mx:subfield code="2">NLA</mx:subfield><mx:subfield code="2">LC</mx:subfield></mx:datafield><mx:datafield tag="901" ind2=" " ind1=" "><mx:subfield code="a">9788834308141</mx:subfield><mx:subfield code="9">1</mx:subfield><mx:subfield code="2">NLA</mx:subfield></mx:datafield><mx:datafield tag="901" ind2=" " ind1=" "><mx:subfield code="a">9788474815405</mx:subfield><mx:subfield code="9">1</mx:subfield><mx:subfield code="2">NLA</mx:subfield></mx:datafield><mx:datafield tag="901" ind2=" " ind1=" "><mx:subfield code="a">9783487070520</mx:subfield><mx:subfield code="9">1</mx:subfield><mx:subfield code="2">DNB</mx:subfield></mx:datafield><mx:datafield tag="901" ind2=" " ind1=" "><mx:subfield code="a">9782251004983</mx:subfield><mx:subfield code="9">1</mx:subfield><mx:subfield code="2">NLA</mx:subfield></mx:datafield><mx:datafield tag="910" ind2=" " ind1=" "><mx:subfield code="a">Rhetorica ad Alexandrum.</mx:subfield><mx:subfield code="9">9</mx:subfield><mx:subfield code="2">NLA</mx:subfield><mx:subfield code="2">LC</mx:subfield></mx:datafield><mx:datafield tag="910" ind2=" " ind1=" "><mx:subfield code="a">Ars rhetorica Quae vulgo fertur Aristotelis ad Alexandrum</mx:subfield><mx:subfield code="9">5</mx:subfield><mx:subfield code="2">NLA</mx:subfield><mx:subfield code="2">LC</mx:subfield><mx:subfield code="2">DNB</mx:subfield></mx:datafield><mx:datafield tag="910" ind2=" " ind1=" "><mx:subfield code="a">Retórica a Alejandro</mx:subfield><mx:subfield code="9">3</mx:subfield><mx:subfield code="2">NLA</mx:subfield><mx:subfield code="2">BNE</mx:subfield></mx:datafield><mx:datafield tag="910" ind2=" " ind1=" "><mx:subfield code="a">Anaximenis Ars rhetorica quae vulgo fertur Aristotelis ad Alexandrum</mx:subfield><mx:subfield code="9">3</mx:subfield><mx:subfield code="2">NLA</mx:subfield><mx:subfield code="2">NUKAT</mx:subfield><mx:subfield code="2">LC</mx:subfield></mx:datafield><mx:datafield tag="910" ind2=" " ind1=" "><mx:subfield code="a">Trattato sul cosmo per Alessandro</mx:subfield><mx:subfield code="9">2</mx:subfield><mx:subfield code="2">NLA</mx:subfield><mx:subfield code="2">LC</mx:subfield></mx:datafield><mx:datafield tag="910" ind2=" " ind1=" "><mx:subfield code="a">Sul cosmo per Alessandro</mx:subfield><mx:subfield code="9">2</mx:subfield><mx:subfield code="2">NLA</mx:subfield><mx:subfield code="2">LC</mx:subfield></mx:datafield><mx:datafield tag="910" ind2=" " ind1=" "><mx:subfield code="a">Il trattato sul cosmo per Alessandro attribuito ad Aristotele : monografia introduttiva, testo greco con traduzione a fronte commentario, bibliografia regionata e indici</mx:subfield><mx:subfield code="9">2</mx:subfield><mx:subfield code="2">NLA</mx:subfield><mx:subfield code="2">LC</mx:subfield></mx:datafield><mx:datafield tag="910" ind2=" " ind1=" "><mx:subfield code="a">Ars rhetorica</mx:subfield><mx:subfield code="9">2</mx:subfield><mx:subfield code="2">NLA</mx:subfield><mx:subfield code="2">LC</mx:subfield></mx:datafield><mx:datafield tag="910" ind2=" " ind1=" "><mx:subfield code="a">introduzione a talete anassimandro anassimene</mx:subfield><mx:subfield code="9">1</mx:subfield><mx:subfield code="2">LC</mx:subfield></mx:datafield><mx:datafield tag="910" ind2=" " ind1=" "><mx:subfield code="a">ars rhetorica ad alexandrum</mx:subfield><mx:subfield code="9">1</mx:subfield><mx:subfield code="2">DNB</mx:subfield></mx:datafield><mx:datafield tag="910" ind2=" " ind1=" "><mx:subfield code="a">True grounds and principles of oratory.</mx:subfield><mx:subfield code="9">1</mx:subfield><mx:subfield code="2">NLA</mx:subfield></mx:datafield><mx:datafield tag="910" ind2=" " ind1=" "><mx:subfield code="a">Rhétorique à Alexandre</mx:subfield><mx:subfield code="9">1</mx:subfield><mx:subfield code="2">NLA</mx:subfield></mx:datafield><mx:datafield tag="910" ind2=" " ind1=" "><mx:subfield code="a">Rhetoric.</mx:subfield><mx:subfield code="9">1</mx:subfield><mx:subfield code="2">NLA</mx:subfield></mx:datafield><mx:datafield tag="910" ind2=" " ind1=" "><mx:subfield code="a">Ars rhetorica quae vulgo fertur Aristotelis ad Alexandrum. Ed. Manfred Fuhrmann.</mx:subfield><mx:subfield code="9">1</mx:subfield><mx:subfield code="2">NLA</mx:subfield></mx:datafield><mx:datafield tag="910" ind2=" " ind1=" "><mx:subfield code="a">Aristotle's Rhetoric; or the true grounds and principles of oratory : shewing, the right art of pleaeding [sic] and speaking in full assemblies and courts of judicature. The second edition. In four books.</mx:subfield><mx:subfield code="9">1</mx:subfield><mx:subfield code="2">NLA</mx:subfield></mx:datafield><mx:datafield tag="910" ind2=" " ind1=" "><mx:subfield code="a">Anaximenis Ars rhetorica  : quae vulgo fertur Aristotelis ad Alexandrum</mx:subfield><mx:subfield code="9">1</mx:subfield><mx:subfield code="2">BNE</mx:subfield></mx:datafield><mx:datafield tag="910" ind2=" " ind1=" "><mx:subfield code="a">Anaximenis Ars rhetorica</mx:subfield><mx:subfield code="9">1</mx:subfield><mx:subfield code="2">NLA</mx:subfield></mx:datafield><mx:datafield tag="910" ind2=" " ind1=" "><mx:subfield code="a">Anaximenes ars rhetorica  : qvae vvlgo fertur Aristotelis ad Alexandrvm</mx:subfield><mx:subfield code="9">1</mx:subfield><mx:subfield code="2">BNE</mx:subfield></mx:datafield><mx:datafield tag="921" ind2=" " ind1=" "><mx:subfield code="a">Teubner</mx:subfield><mx:subfield code="9">3</mx:subfield><mx:subfield code="2">NLA</mx:subfield><mx:subfield code="2">DNB</mx:subfield></mx:datafield><mx:datafield tag="921" ind2=" " ind1=" "><mx:subfield code="a">in aedibvs K.G. Saur</mx:subfield><mx:subfield code="9">3</mx:subfield><mx:subfield code="2">NLA</mx:subfield><mx:subfield code="2">LC</mx:subfield><mx:subfield code="2">BNE</mx:subfield></mx:datafield><mx:datafield tag="921" ind2=" " ind1=" "><mx:subfield code="a">Vita e pensiero</mx:subfield><mx:subfield code="9">2</mx:subfield><mx:subfield code="2">NLA</mx:subfield><mx:subfield code="2">LC</mx:subfield></mx:datafield><mx:datafield tag="921" ind2=" " ind1=" "><mx:subfield code="a">L. Loffredo</mx:subfield><mx:subfield code="9">2</mx:subfield><mx:subfield code="2">NLA</mx:subfield><mx:subfield code="2">LC</mx:subfield></mx:datafield><mx:datafield tag="921" ind2=" " ind1=" "><mx:subfield code="a">Universidad de Salamanca</mx:subfield><mx:subfield code="9">1</mx:subfield><mx:subfield code="2">NLA</mx:subfield></mx:datafield><mx:datafield tag="921" ind2=" " ind1=" "><mx:subfield code="a">Saur</mx:subfield><mx:subfield code="9">1</mx:subfield><mx:subfield code="2">DNB</mx:subfield></mx:datafield><mx:datafield tag="921" ind2=" " ind1=" "><mx:subfield code="a">printed for S. Briscoe, over-against Will's Coffee-House, in Russel-Street, Covent-Garden</mx:subfield><mx:subfield code="9">1</mx:subfield><mx:subfield code="2">NLA</mx:subfield></mx:datafield><mx:datafield tag="921" ind2=" " ind1=" "><mx:subfield code="a">Olms</mx:subfield><mx:subfield code="9">1</mx:subfield><mx:subfield code="2">DNB</mx:subfield></mx:datafield><mx:datafield tag="921" ind2=" " ind1=" "><mx:subfield code="a">in aedibus B.G. Teubneri</mx:subfield><mx:subfield code="9">1</mx:subfield><mx:subfield code="2">BNE</mx:subfield></mx:datafield><mx:datafield tag="921" ind2=" " ind1=" "><mx:subfield code="a">Belles lettres</mx:subfield><mx:subfield code="9">1</mx:subfield><mx:subfield code="2">NLA</mx:subfield></mx:datafield><mx:datafield tag="922" ind2=" " ind1=" "><mx:subfield code="a">US</mx:subfield><mx:subfield code="9">1</mx:subfield><mx:subfield code="2">BNE</mx:subfield></mx:datafield><mx:datafield tag="922" ind2=" " ind1=" "><mx:subfield code="a">GR</mx:subfield><mx:subfield code="9">1</mx:subfield><mx:subfield code="2">DNB</mx:subfield></mx:datafield><mx:datafield tag="922" ind2=" " ind1=" "><mx:subfield code="a">GB</mx:subfield><mx:subfield code="9">1</mx:subfield><mx:subfield code="2">NLA</mx:subfield></mx:datafield><mx:datafield ind2=" " ind1=" " tag="943"><mx:subfield code="a">169.</mx:subfield><mx:subfield code="9">1</mx:subfield></mx:datafield><mx:datafield ind2=" " ind1=" " tag="943"><mx:subfield code="a">170.</mx:subfield><mx:subfield code="9">0</mx:subfield></mx:datafield><mx:datafield ind2=" " ind1=" " tag="943"><mx:subfield code="a">171.</mx:subfield><mx:subfield code="9">0</mx:subfield></mx:datafield><mx:datafield ind2=" " ind1=" " tag="943"><mx:subfield code="a">172.</mx:subfield><mx:subfield code="9">0</mx:subfield></mx:datafield><mx:datafield ind2=" " ind1=" " tag="943"><mx:subfield code="a">173.</mx:subfield><mx:subfield code="9">0</mx:subfield></mx:datafield><mx:datafield ind2=" " ind1=" " tag="943"><mx:subfield code="a">174.</mx:subfield><mx:subfield code="9">0</mx:subfield></mx:datafield><mx:datafield ind2=" " ind1=" " tag="943"><mx:subfield code="a">175.</mx:subfield><mx:subfield code="9">0</mx:subfield></mx:datafield><mx:datafield ind2=" " ind1=" " tag="943"><mx:subfield code="a">176.</mx:subfield><mx:subfield code="9">0</mx:subfield></mx:datafield><mx:datafield ind2=" " ind1=" " tag="943"><mx:subfield code="a">177.</mx:subfield><mx:subfield code="9">0</mx:subfield></mx:datafield><mx:datafield ind2=" " ind1=" " tag="943"><mx:subfield code="a">178.</mx:subfield><mx:subfield code="9">0</mx:subfield></mx:datafield><mx:datafield ind2=" " ind1=" " tag="943"><mx:subfield code="a">179.</mx:subfield><mx:subfield code="9">0</mx:subfield></mx:datafield><mx:datafield ind2=" " ind1=" " tag="943"><mx:subfield code="a">180.</mx:subfield><mx:subfield code="9">0</mx:subfield></mx:datafield><mx:datafield ind2=" " ind1=" " tag="943"><mx:subfield code="a">181.</mx:subfield><mx:subfield code="9">0</mx:subfield></mx:datafield><mx:datafield ind2=" " ind1=" " tag="943"><mx:subfield code="a">182.</mx:subfield><mx:subfield code="9">0</mx:subfield></mx:datafield><mx:datafield ind2=" " ind1=" " tag="943"><mx:subfield code="a">183.</mx:subfield><mx:subfield code="9">0</mx:subfield></mx:datafield><mx:datafield ind2=" " ind1=" " tag="943"><mx:subfield code="a">184.</mx:subfield><mx:subfield code="9">2</mx:subfield></mx:datafield><mx:datafield ind2=" " ind1=" " tag="943"><mx:subfield code="a">185.</mx:subfield><mx:subfield code="9">0</mx:subfield></mx:datafield><mx:datafield ind2=" " ind1=" " tag="943"><mx:subfield code="a">186.</mx:subfield><mx:subfield code="9">0</mx:subfield></mx:datafield><mx:datafield ind2=" " ind1=" " tag="943"><mx:subfield code="a">187.</mx:subfield><mx:subfield code="9">0</mx:subfield></mx:datafield><mx:datafield ind2=" " ind1=" " tag="943"><mx:subfield code="a">188.</mx:subfield><mx:subfield code="9">0</mx:subfield></mx:datafield><mx:datafield ind2=" " ind1=" " tag="943"><mx:subfield code="a">189.</mx:subfield><mx:subfield code="9">0</mx:subfield></mx:datafield><mx:datafield ind2=" " ind1=" " tag="943"><mx:subfield code="a">190.</mx:subfield><mx:subfield code="9">0</mx:subfield></mx:datafield><mx:datafield ind2=" " ind1=" " tag="943"><mx:subfield code="a">191.</mx:subfield><mx:subfield code="9">0</mx:subfield></mx:datafield><mx:datafield ind2=" " ind1=" " tag="943"><mx:subfield code="a">192.</mx:subfield><mx:subfield code="9">0</mx:subfield></mx:datafield><mx:datafield ind2=" " ind1=" " tag="943"><mx:subfield code="a">193.</mx:subfield><mx:subfield code="9">0</mx:subfield></mx:datafield><mx:datafield ind2=" " ind1=" " tag="943"><mx:subfield code="a">194.</mx:subfield><mx:subfield code="9">0</mx:subfield></mx:datafield><mx:datafield ind2=" " ind1=" " tag="943"><mx:subfield code="a">195.</mx:subfield><mx:subfield code="9">0</mx:subfield></mx:datafield><mx:datafield ind2=" " ind1=" " tag="943"><mx:subfield code="a">196.</mx:subfield><mx:subfield code="9">4</mx:subfield></mx:datafield><mx:datafield ind2=" " ind1=" " tag="943"><mx:subfield code="a">197.</mx:subfield><mx:subfield code="9">2</mx:subfield></mx:datafield><mx:datafield ind2=" " ind1=" " tag="943"><mx:subfield code="a">198.</mx:subfield><mx:subfield code="9">3</mx:subfield></mx:datafield><mx:datafield ind2=" " ind1=" " tag="943"><mx:subfield code="a">199.</mx:subfield><mx:subfield code="9">2</mx:subfield></mx:datafield><mx:datafield ind2=" " ind1=" " tag="943"><mx:subfield code="a">200.</mx:subfield><mx:subfield code="9">5</mx:subfield></mx:datafield><mx:datafield ind2=" " ind1=" " tag="970"><mx:subfield code="a">-380</mx:subfield><mx:subfield code="b">-320</mx:subfield><mx:subfield code="c">lived</mx:subfield></mx:datafield></mx:record>